@article{marchionini2006exploratory,
  title={Exploratory search: from finding to understanding},
  author={Marchionini, Gary},
  journal={Communications of the ACM},
  volume={49},
  number={4},
  pages={41--46},
  year={2006},
  publisher={ACM}
}
@inproceedings{fetterly2003large,
  title={A large-scale study of the evolution of web pages},
  author={Fetterly, Dennis and Manasse, Mark and Najork, Marc and Wiener, Janet},
  booktitle={Proceedings of the 12th international conference on World Wide Web},
  pages={669--678},
  year={2003},
  organization={ACM}
}

@article{wilson2010keyword,
  title={From keyword search to exploration: Designing future search interfaces for the web},
  author={Wilson, Max L and Kules, Bill and Shneiderman, Ben and others},
  journal={Foundations and Trends{\textregistered} in Web Science},
  volume={2},
  number={1},
  pages={1--97},
  year={2010},
  publisher={Now Publishers, Inc.}
}
@book{manning2008introduction,
  title={Introduction to information retrieval},
  author={Manning, Christopher D and Raghavan, Prabhakar and Sch{\"u}tze, Hinrich and others},
  volume={1},
  number={1},
  year={2008},
  publisher={Cambridge university press Cambridge}
}
@book{stephanidis2000user,
  title={User interfaces for all: concepts, methods, and tools},
  author={Stephanidis, Constantine},
  year={2000},
  publisher={CRC Press}
}
@article{myers1998brief,
  title={A brief history of human-computer interaction technology},
  author={Myers, Brad A},
  journal={interactions},
  volume={5},
  number={2},
  pages={44--54},
  year={1998},
  publisher={ACM}
}
@article{kay1977personal,
  title={Personal dynamic media},
  author={Kay, Alan and Goldberg, Adele},
  journal={Computer},
  volume={10},
  number={3},
  pages={31--41},
  year={1977},
  publisher={IEEE}
}
@article{sutherland1964sketchpad,
  title={Sketchpad a man-machine graphical communication system},
  author={Sutherland, Ivan E},
  journal={Transactions of the Society for Computer Simulation},
  volume={2},
  number={5},
  pages={R--3},
  year={1964},
  publisher={Sage Publications Sage CA: Thousand Oaks, CA}
}
@article{white2006supporting,
  title={Supporting exploratory search, introduction, special issue, communications of the ACM},
  author={White, Ryen W and Kules, Bill and Drucker, Steven M and others},
  journal={Communications of the ACM},
  volume={49},
  number={4},
  pages={36--39},
  year={2006}
}
@inproceedings{Engelbart:1968:RCA:1476589.1476645,
 author = {Engelbart, Douglas C. and English, William K.},
 title = {A Research Center for Augmenting Human Intellect},
 booktitle = {Proceedings of the December 9-11, 1968, Fall Joint Computer Conference, Part I},
 series = {AFIPS '68 (Fall, part I)},
 year = {1968},
 location = {San Francisco, California},
 pages = {395--410},
 numpages = {16},
 url = {http://doi.acm.org/10.1145/1476589.1476645},
 doi = {10.1145/1476589.1476645},
 acmid = {1476645},
 publisher = {ACM},
 address = {New York, NY, USA},
}
@article{marchionini2006exploratory,
  title={Exploratory search: from finding to understanding},
  author={Marchionini, Gary},
  journal={Communications of the ACM},
  volume={49},
  number={4},
  pages={41--46},
  year={2006},
  publisher={ACM}
}

@inproceedings{hassan2006improving,
  title={Improving tag-clouds as visual information retrieval interfaces},
  author={Hassan-Montero, Yusef and Herrero-Solana, Victor},
  booktitle={International conference on multidisciplinary information sciences and technologies},
  pages={25--28},
  year={2006}
}
@inproceedings{koutrika2009data,
  title={Data clouds: summarizing keyword search results over structured data},
  author={Koutrika, Georgia and Zadeh, Zahra Mohammadi and Garcia-Molina, Hector},
  booktitle={Proceedings of the 12th International Conference on Extending Database Technology: Advances in Database Technology},
  pages={391--402},
  year={2009},
  organization={ACM}
}

@article{tekuvsova2007semantic,
  title={Semantic search and visualization of time-series data},
  author={Teku{\v{s}}ov{\'a}, Tatiana and Voss, Viktor and Kohlhammer, J{\"o}rn},
  year={2007}
}
@article{jatowt2011page,
  title={Page history explorer: Visualizing and comparing page histories},
  author={Jatowt, Adam and Kawai, Yukiko and Tanaka, Katsumi},
  journal={IEICE TRANSACTIONS on Information and Systems},
  volume={94},
  number={3},
  pages={564--577},
  year={2011},
  publisher={The Institute of Electronics, Information and Communication Engineers}
}

@inproceedings{Jatowt:2006:JPP:1149941.1149969,
 author = {Jatowt, Adam and Kawai, Yukiko and Nakamura, Satoshi and Kidawara, Yutaka and Tanaka, Katsumi},
 title = {Journey to the Past: Proposal of a Framework for Past Web Browser},
 booktitle = {Proceedings of the Seventeenth Conference on Hypertext and Hypermedia},
 series = {HYPERTEXT '06},
 year = {2006},
 isbn = {1-59593-417-0},
 location = {Odense, Denmark},
 pages = {135--144},
 numpages = {10},
 url = {http://doi.acm.org/10.1145/1149941.1149969},
 doi = {10.1145/1149941.1149969},
 acmid = {1149969},
 publisher = {ACM},
 address = {New York, NY, USA},
 keywords = {past web, past web browser, web archive},
}
@article{hoeber2009hotmap,
  title={HotMap: Supporting visual exploration of Web search results},
  author={Hoeber, Orland and Yang, Xue Dong},
  journal={Journal of the Association for Information Science and Technology},
  volume={60},
  number={1},
  pages={90--110},
  year={2009},
  publisher={Wiley Online Library}
}
@article{dork2008visgets,
  title={Visgets: Coordinated visualizations for web-based information exploration and discovery},
  author={D{\"o}rk, Marian and Carpendale, Sheelagh and Collins, Christopher and Williamson, Carey},
  journal={IEEE Transactions on Visualization and Computer Graphics},
  volume={14},
  number={6},
  year={2008},
  publisher={IEEE}
}

@book{hearst2009search,
  title={Search user interfaces},
  author={Hearst, Marti},
  year={2009},
  publisher={Cambridge University Press}
}
@article{beyer1997contextual,
  title={Contextual Design: A Customer-Centered Approach to Systems Designs (Morgan Kaufmann Series in Interactive Technologies)},
  author={Beyer, Hugh and Holtzblatt, Karen},
  year={1997},
  publisher={$\{$Morgan Kaufmann$\}$}
}
@inproceedings{szekely1994user,
  title={User interface prototyping: Tools and techniques},
  author={Szekely, Pedro},
  booktitle={Workshop on Software Engineering and Human-Computer Interaction},
  pages={76--92},
  year={1994},
  organization={Springer}
}
@inproceedings{dachselt2006timezoom,
  title={TimeZoom: a flexible detail and context timeline},
  author={Dachselt, Raimund and Weiland, Markus},
  booktitle={CHI'06 Extended Abstracts on Human Factors in Computing Systems},
  pages={682--687},
  year={2006},
  organization={ACM}
}
@article{schulz2011treevis,
  title={Treevis. net: A tree visualization reference},
  author={Schulz, Hans-Jorg},
  journal={IEEE Computer Graphics and Applications},
  volume={31},
  number={6},
  pages={11--15},
  year={2011},
  publisher={IEEE}
}
@inproceedings{Muller:2003:VMS:1030818.1030916,
 author = {M\"{u}ller, Wolfgang and Schumann, Heidrun},
 title = {Visualization for Modeling and Simulation: Visualization Methods for Time-dependent Data - an Overview},
 booktitle = {Proceedings of the 35th Conference on Winter Simulation: Driving Innovation},
 series = {WSC '03},
 year = {2003},
 isbn = {0-7803-8132-7},
 location = {New Orleans, Louisiana},
 pages = {737--745},
 numpages = {9},
 url = {http://dl.acm.org/citation.cfm?id=1030818.1030916},
 acmid = {1030916},
 publisher = {Winter Simulation Conference},
} 
@techreport{cho1999evolution,
  title={The evolution of the web and implications for an incremental crawler},
  author={Cho, Junghoo and Garcia-Molina, Hector},
  year={1999},
  institution={Stanford}
}
@article{lawrence2001persistence,
  title={Persistence of web references in scientific research},
  author={Lawrence, Steve and Pennock, David M and Flake, Gary William and Krovetz, Robert and Coetzee, Frans M and Glover, Eric and Nielsen, Finn Arup and Kruger, Andries and Giles, C Lee},
  journal={Computer},
  volume={34},
  number={2},
  pages={26--31},
  year={2001},
  publisher={IEEE}
}

@inproceedings{kraaij2006task,
  title={Task based evaluation of exploratory search systems},
  author={Kraaij, Wessel and Post, Wilfried},
  year={2006}
}

@article{xmlJson1,
  title={Comparison of JSON and XML data interchange formats: a case study.},
  author={Nurseitov, Nurzhan and Paulson, Michael and Reynolds, Randall and Izurieta, Clemente},
  journal={Caine},
  volume={2009},
  pages={157--162},
  year={2009}
}
@inproceedings{xmljson2,
  title={Comparison between JSON and XML in Applications Based on AJAX},
  author={Lin, Boci and Chen, Yan and Chen, Xu and Yu, Yingying},
  booktitle={Computer science \& service system (csss), 2012 international conference on},
  pages={1174--1177},
  year={2012},
  organization={IEEE}
}
@misc{ wiki:xxx,
    author = "Wikipedia",
    title = "Exploratory search --- Wikipedia{,} The Free Encyclopedia",
    year = "2017",
    url = "\url{https://en.wikipedia.org/w/index.php?title=Exploratory_search&oldid=774010938}",
    note = "[Online; accessed 
19-June-2017
]"
  }
  @inproceedings{greene2014conceptcloud,
  title={Conceptcloud: A tagcloud browser for software archives},
  author={Greene, Gillian J and Fischer, Bernd},
  booktitle={Proceedings of the 22nd ACM SIGSOFT International Symposium on Foundations of Software Engineering},
  pages={759--762},
  year={2014},
  organization={ACM}
}
@inproceedings{leone2011use,
  title={The use of tag clouds to support the discovery and inspection of information services},
  author={Leone, Stefania and Geel, Matthias and Norrie, Moira C},
  booktitle={Proceedings of the 5th International Workshop on Web APIs and Service Mashups},
  pages={10},
  year={2011},
  organization={ACM}
}
@inproceedings{yoon2013visualization,
  title={Visualization of fine-grained code change history},
  author={Yoon, YoungSeok and Myers, Brad A and Koo, Sebon},
  booktitle={Visual Languages and Human-Centric Computing (VL/HCC), 2013 IEEE Symposium on},
  pages={119--126},
  year={2013},
  organization={IEEE}
}
@article{yimam2016new,
  title={new/s/leak--Information Extraction and Visualization for Investigative Data Journalists},
  author={Yimam, Seid Muhie and Ulrich, Heiner and von Landesberger, Tatiana and Rosenbach, Marcel and Regneri, Michaela and Panchenko, Alexander and Lehmann, Franziska and Fahrer, Uli and Biemann, Chris and Ballweg, Kathrin},
  journal={ACL 2016},
  pages={163},
  year={2016}
}
@inproceedings{greene2014conceptcloud,
  title={Conceptcloud: A tagcloud browser for software archives},
  author={Greene, Gillian J and Fischer, Bernd},
  booktitle={Proceedings of the 22nd ACM SIGSOFT International Symposium on Foundations of Software Engineering},
  pages={759--762},
  year={2014},
  organization={ACM}
}
@article{hevner2004design,
  title={DESIGN SCIENCE IN INFORMATION SYSTEMS RESEARCH},
  author={Hevner, Alan R},
  journal={MIS Quarterly},
  volume={28},
  number={1},
  pages={75--105},
  year={2004}
}
@misc{maurer2013likertplot,
      author = "Max-Emanuel Maurer",
      title = "likertplot.com - Plot Likert Scales",
      year = "2013",
      url = "http://www.likertplot.com/",
    }

@article{white2009exploratory,
  title={Exploratory search: Beyond the query-response paradigm},
  author={White, Ryen W and Roth, Resa A},
  journal={Synthesis lectures on information concepts, retrieval, and services},
  volume={1},
  number={1},
  pages={1--98},
  year={2009},
  publisher={Morgan \& Claypool Publishers}
}
@book{hearst2009search,
  title={Search user interfaces},
  author={Hearst, Marti},
  year={2009},
  publisher={Cambridge University Press}
}
@misc{jquery,
      author = "jQuery",
      title = "http://www.jquery.com/",
      year = "Retrieved on 15-03-2017",    
    }
    
    @misc{elastic,
      author = "Elasticsearch",
      title = "https://www.elastic.co/products/elasticsearch",
      year = "Retrieved on 15-02-2017",    
    }
@misc{jsf,
      author = "JavaServer Faces",
      title = "https://javaee.github.io/javaserverfaces-spec/",
      year = "Retrieved on 15-02-2017",    
    }
 
 @misc{diff,
      author = "Diff Match Patch library",
      title = " https://code.google.com/archive/p/google-diff-match-patch/",
      year = "Retrieved on 15-02-2017",    
    }
    
   
@misc{NSA,
      author = "Burkhardt P and Waring CA",
      title = "An NSA big graph experiment. Technical Report NSA-RD-2013-056001v1",
      publisher = "US National Security Agency"
      year = "2013",    
    }    
    