@Article{Paradies2017,
author="Paradies, Marcus
and Voigt, Hannes",
title="Big Graph Data Analytics on Single Machines -- An Overview",
journal="Datenbank-Spektrum",
year="2017",
month="Jul",
day="01",
volume="17",
number="2",
pages="101--112",
abstract="Driven by a multitude of use cases, graph data analytics has become a hot topic in research and industry. Particularly on big graphs, performing complex analytical queries efficiently to derive new insights is a challenging task. Systems that aim at solving the technical part of this challenge are often referred to as graph processing systems. They allow expressing and executing analytic algorithms and queries, while hiding most of the technical details related to efficiently storing and processing graph data. Since 2010, work on graph processing systems for distributed systems as well as shared memory systems has virtually exploded. In this article, we give an overview of this work with the particular focus on graph processing systems for large multiprocessor machines. We describe the state of the art established in recent years and outline trends and challenges in research and development that point towards the future of graph processing systems.",
issn="1610-1995",
doi="10.1007/s13222-017-0255-8",
url="https://doi.org/10.1007/s13222-017-0255-8"
}

@report{NSA,
      author={Burkhardt P and Waring CA},
      title={An NSA big graph experiment. Technical Report NSA-RD-2013-056001v1},
      publisher={US National Security Agency},
      year={2013},
    }   










@book{Robinson:2013:GD:2556013,
 author={Robinson, Ian and Webber, Jim and Eifrem, Emil},
 title={Graph Databases},
 year={2013},
 isbn={1449356265, 9781449356262},
 publisher={O'Reilly Media, Inc.},
 pages={1-10},
 chapter={1}
}

@article{DBLP:journals/corr/abs-1006-2361,
  author    = {Marko A. Rodriguez and Peter Neubauer},
  title     = {Constructions from Dots and Lines},
  journal   = {CoRR},
  volume    = {abs/1006.2361},
  year      = {2010},
  url       = {http://arxiv.org/abs/1006.2361},
  timestamp = {Wed, 07 Jun 2017 14:40:22 +0200},
  biburl    = {http://dblp.uni-trier.de/rec/bib/journals/corr/abs-1006-2361},
  bibsource = {dblp computer science bibliography, http://dblp.org}
}

@MISC{Abouzied_invisibleloading:,
    author = {Azza Abouzied and Daniel J. Abadi and Avi Silberschatz},
    title = {Invisible Loading: Access-Driven Data Transfer from Raw Files into Database Systems}
}

@inproceedings{KKHVL2017,
  author    = {Alexander Krause and Thomas Kissinger and Dirk Habich and Hannes Voigt and Wolfgang Lehner},
  title     = {Partitioning Strategy Selection for In-Memory Graph Pattern
               Matching on Multiprocessor Systems},
  booktitle = {23rd International Conference on Parallel and Distributed
               Computing, Santiago de Compostela, Spain},
  year      = {2017},
  month     = {August}
}   

@article{yujian2007normalized,
  title={A normalized Levenshtein distance metric},
  author={Yujian, Li and Bo, Liu},
  journal={IEEE transactions on pattern analysis and machine intelligence},
  volume={29},
  number={6},
  pages={1091--1095},
  year={2007},
  publisher={IEEE}
}

@inproceedings{Pacaci:2017:WNS:3078447.3078459,
 	author = {Pacaci, Anil and Zhou, Alice and Lin, Jimmy and zsu, M. Tamer},
 	title = {Do We Need Specialized Graph Databases?: Benchmarking Real-Time Social Networking Applications},
 	booktitle = {Proceedings of the Fifth International Workshop on Graph Data-management Experiences \& Systems},
 	series = {GRADES'17},
 	year = {2017},
 	isbn = {978-1-4503-5038-9},
   location = {Chicago, IL, USA},
   pages = {12:1--12:7},
   articleno = {12},
   numpages = {7},
   url = {http://doi.acm.org/10.1145/3078447.3078459},
   doi = {10.1145/3078447.3078459},
   acmid = {3078459},
   publisher = {ACM},
   address = {New York, NY, USA}
} 

@article{DBLP:journals/corr/AnglesABHRV16,
  author    = {Renzo Angles and
               Marcelo Arenas and
               Pablo Barcelo and
               Aidan Hogan and
               Juan L. Reutter and
               Domagoj Vrgoc},
  title     = {Foundations of Modern Graph Query Languages},
  journal   = {CoRR},
  volume    = {abs/1610.06264},
  year      = {2016},
  url       = {http://arxiv.org/abs/1610.06264},
  archivePrefix = {arXiv},
  eprint    = {1610.06264},
  timestamp = {Wed, 07 Jun 2017 01:00:00 +0200},
  biburl    = {http://dblp.org/rec/bib/journals/corr/AnglesABHRV16},
  bibsource = {dblp computer science bibliography, http://dblp.org}
}

@Inbook{Junghanns2017,
	author={Junghanns, Martin and Petermann, Andre and Neumann, Martin and Rahm, Erhard},
	title={Management and Analysis of Big Graph Data: Current Systems and Open Challenges},
	bookTitle={Handbook of Big Data Technologies},
	year={2017},
	publisher={Springer International Publishing},
	address={Cham},
	pages={457--505},
	isbn={978-3-319-49340-4},
	doi={10.1007/978-3-319-49340-4_14},
	url={https://doi.org/10.1007/978-3-319-49340-4_14}
}

@INPROCEEDINGS{6313676,
  author={R. Angles},
  booktitle={2012 IEEE 28th International Conference on Data Engineering Workshops},
  title={A Comparison of Current Graph Database Models},
  year={2012},
  pages={171-177},
  doi={10.1109/ICDEW.2012.31},
  ISSN={},
  month={April}
}

@inproceedings{Malewicz:2010:PSL:1807167.1807184,
   author = {Malewicz, Grzegorz and Austern, Matthew H. and Bik, Aart J.C and Dehnert, James C. and Horn, Ilan and Leiser, Naty and Czajkowski, Grzegorz},
   title = {Pregel: A System for Large-scale Graph Processing},
   booktitle = {Proceedings of the 2010 ACM SIGMOD International Conference on Management of Data},
   series = {SIGMOD '10},
   year = {2010},
   isbn = {978-1-4503-0032-2},
   location = {Indianapolis, Indiana, USA},
   pages = {135--146},
   numpages = {12},
   url = {http://doi.acm.org/10.1145/1807167.1807184},
   doi = {10.1145/1807167.1807184},
   acmid = {1807184},
   publisher = {ACM},
   address = {New York, NY, USA},
   keywords = {distributed computing, graph algorigthms}
} 

@article{Codd:1970:RMD:362384.362685,
   author = {Codd, E. F.},
   title = {A Relational Model of Data for Large Shared Data Banks},
   journal = {Commun. ACM},
   issue_date = {June 1970},
   volume = {13},
   number = {6},
   month = jun,
   year = {1970},
   issn = {0001-0782},
   pages = {377--387},
   numpages = {11},
   url = {http://doi.acm.org/10.1145/362384.362685},
   doi = {10.1145/362384.362685},
   acmid = {362685},
   publisher = {ACM},
   address = {New York, NY, USA},
   keywords = {composition, consistency, data bank, data base, data integrity, data organization, data structure, derivability, hierarchies of data, join, networks of data, predicate calculus, redundancy, relations, retrieval language, security}
} 

@book{ADM,
   author={Lena Wiese},
   title={Advanced Data Management:For SQL, NoSQL and Distributed Databases},
   year={2015},
   isbn={9783110441406},
   publisher={De Gruyter},
   pages={17-29},
   chapter={2}
}

@inproceedings{Xirogiannopoulos:2017:EAH:3035918.3035949,
   author = {Xirogiannopoulos, Konstantinos and Deshpande, Amol},
   title = {Extracting and Analyzing Hidden Graphs from Relational Databases},
   booktitle = {Proceedings of the 2017 ACM International Conference on Management of Data},
   series = {SIGMOD '17},
   year = {2017},
   isbn = {978-1-4503-4197-4},
   location = {Chicago, Illinois, USA},
   pages = {897--912},
   numpages = {16},
   url = {http://doi.acm.org/10.1145/3035918.3035949},
   doi = {10.1145/3035918.3035949},
   acmid = {3035949},
   publisher = {ACM},
   address = {New York, NY, USA},
   keywords = {graph analytics, graph compression, graph extraction}
} 

@INPROCEEDINGS{7363873, 
  author={A. Jindal and S. Madden and M. Castellanos and M. Hsu}, 
  booktitle={2015 IEEE International Conference on Big Data (Big Data)}, 
  title={Graph analytics using vertica relational database}, 
  year={2015}, 
  volume={}, 
  number={}, 
  pages={1191-1200},  
  doi={10.1109/BigData.2015.7363873}, 
  ISSN={}, 
  month={Oct}
 }

@article{Jindal:2014:VYR:2733004.2733057,
   author = {Jindal, Alekh and Rawlani, Praynaa and Wu, Eugene and Madden, Samuel and Deshpande, Amol and Stonebraker, Mike},
   title = {Vertexica: Your Relational Friend for Graph Analytics!},
   journal = {Proc. VLDB Endow.},
   issue_date = {August 2014},
   volume = {7},
   number = {13},
   month = aug,
   year = {2014},
   issn = {2150-8097},
   pages = {1669--1672},
   numpages = {4},
   url = {http://dx.doi.org/10.14778/2733004.2733057},
   doi = {10.14778/2733004.2733057},
   acmid = {2733057},
   publisher = {VLDB Endowment}
} 

@inproceedings{Sun:2015:SER:2723372.2723732,
   author = {Sun, Wen and Fokoue, Achille and Srinivas, Kavitha and Kementsietsidis, Anastasios and Hu, Gang and Xie, Guotong},
   title = {SQLGraph: An Efficient Relational-Based Property Graph Store},
   booktitle = {Proceedings of the 2015 ACM SIGMOD International Conference on Management of Data},
   series = {SIGMOD '15},
   year = {2015},
   isbn = {978-1-4503-2758-9},
   location = {Melbourne, Victoria, Australia},
   pages = {1887--1901},
   numpages = {15},
   url = {http://doi.acm.org/10.1145/2723372.2723732},
   doi = {10.1145/2723372.2723732},
   acmid = {2723732},
   publisher = {ACM},
   address = {New York, NY, USA},
   keywords = {gremlin, property graphs, relational storage}
}

@article{DBLP:journals/corr/abs-1709-06715,
  author    = {Mohamed S. Hassan and
               Tatiana Kuznetsova and
               Hyun Chai Jeong and
               Walid G. Aref and
               Mohammad Sadoghi},
  title     = {Empowering In-Memory Relational Database Engines with Native Graph Processing},
  journal   = {CoRR},
  volume    = {abs/1709.06715},
  year      = {2017},
  url       = {http://arxiv.org/abs/1709.06715},
  archivePrefix = {arXiv},
  eprint    = {1709.06715},
  timestamp = {Thu, 05 Oct 2017 09:42:47 +0200},
  biburl    = {http://dblp.org/rec/bib/journals/corr/abs-1709-06715},
  bibsource = {dblp computer science bibliography, http://dblp.org}
}
 

@article{Ma:2016:GFQ:2994509.2994510,
   author = {Ma, Hongbin and Shao, Bin and Xiao, Yanghua and Chen, Liang Jeff and Wang, Haixun},
   title = {G-SQL: Fast Query Processing via Graph Exploration},
   journal = {Proc. VLDB Endow},
   issue_date = {August 2016},
   volume = {9},
   number = {12},
   month = aug,
   year = {2016},
   issn = {2150-8097},
   pages = {900--911},
   numpages = {12},
   url = {http://dx.doi.org/10.14778/2994509.2994510},
   doi = {10.14778/2994509.2994510},
   acmid = {2994510},
   publisher = {VLDB Endowment}
}

@article{Lin:2016:FIS:3021924.3021941,
   author = {Lin, Chunbin and Mandel, Benjamin and Papakonstantinou, Yannis and Springer, Matthias},
   title = {Fast In-memory SQL Analytics on Typed Graphs},
   journal = {Proc. VLDB Endow.},
   issue_date = {November 2016},
   volume = {10},
   number = {3},
   month = {nov},
   year = {2016},
   issn = {2150-8097},
   pages = {265--276},
   numpages = {12},
   url = {https://doi.org/10.14778/3021924.3021941},
   doi = {10.14778/3021924.3021941},
   acmid = {3021941},
   publisher = {VLDB Endowment}
}


@article{DBLP:journals/corr/PerezSBPRSL15,
  author    = {Yonathan Perez},
  title     = {Ringo: Interactive Graph Analytics on Big-Memory Machines},
  journal   = {CoRR},
  volume    = {abs/1503.07881},
  year      = {2015},
  url       = {http://arxiv.org/abs/1503.07881},
  archivePrefix = {arXiv},
  eprint    = {1503.07881},
  timestamp = {Wed, 07 Jun 2017 14:42:47 +0200},
  biburl    = {http://dblp.org/rec/bib/journals/corr/PerezSBPRSL15},
  bibsource = {dblp computer science bibliography, http://dblp.org}
}

@article{Xirogiannopoulos:2015:GEI:2824032.2824129,
   author = {Xirogiannopoulos, Konstantinos and Khurana, Udayan and Deshpande, Amol},
   title = {GraphGen: Exploring Interesting Graphs in Relational Data},
   journal = {Proc. VLDB Endow.},
   issue_date = {August 2015},
   volume = {8},
   number = {12},
   month = aug,
   year = {2015},
   issn = {2150-8097},
   pages = {2032--2035},
   numpages = {4},
   url = {http://dx.doi.org/10.14778/2824032.2824129},
   doi = {10.14778/2824032.2824129},
   acmid = {2824129},
   publisher = {VLDB Endowment}
} 

@Inbook{Dziedzic2017,
	author={Dziedzic, Adam and Karpathiotakis, Manos and Alagiannis, Ioannis and Appuswamy, Raja and Ailamaki, Anastasia},
	title={DBMS Data Loading: An Analysis on Modern Hardware},
	bookTitle={Data Management on New Hardware: 7th International Workshop on Accelerating Data Analysis and Data Management Systems Using Modern Processor and Storage Architectures},
  year={2017},
  publisher={Springer International Publishing},
  address={Cham},
  pages={95--117},
  isbn={978-3-319-56111-0},
  doi={10.1007/978-3-319-56111-0_6},
  url={https://doi.org/10.1007/978-3-319-56111-0_6}
}

@inproceedings{Cheng:2014:PID:2588555.2593673,
   author = {Cheng, Yu and Rusu, Florin},
   title = {Parallel In-situ Data Processing with Speculative Loading},
   booktitle = {Proceedings of the 2014 ACM SIGMOD International Conference on Management of Data},
   series = {SIGMOD '14},
   year = {2014},
   isbn = {978-1-4503-2376-5},
   location = {Snowbird, Utah, USA},
   pages = {1287--1298},
   numpages = {12},
   url = {http://doi.acm.org/10.1145/2588555.2593673},
   doi = {10.1145/2588555.2593673},
   acmid = {2593673},
   publisher = {ACM},
   address = {New York, NY, USA},
   keywords = {data loading, external tables, raw file processing}
}


@book{MasteringDataWarehouse,
   author={Imhoff Claudia, Nicholas Galemmo, Jonathan G. Geiger},
   title={Mastering Data Warehouse Design : Relational and Dimensional Techniques},
   year={2003},
   isbn={9780471324218, 0471324213},
   publisher={Wiley}
}

@inproceedings{Pavlo:2009:CAL:1559845.1559865,
   author = {Pavlo, Andrew and Paulson, Erik and Rasin, Alexander and Abadi, Daniel J. and DeWitt, David J. and Madden, Samuel and Stonebraker, Michael},
   title = {A Comparison of Approaches to Large-scale Data Analysis},
   booktitle = {Proceedings of the 2009 ACM SIGMOD International Conference on Management of Data},
   series = {SIGMOD '09},
   year = {2009},
   isbn = {978-1-60558-551-2},
   location = {Providence, Rhode Island, USA},
   pages = {165--178},
   numpages = {14},
   url = {http://doi.acm.org/10.1145/1559845.1559865},
   doi = {10.1145/1559845.1559865},
   acmid = {1559865},
   publisher = {ACM},
   address = {New York, NY, USA},
   keywords = {benchmarks, mapreduce, parallel database}
}

@inproceedings{Then:2016:EPG:2960414.2960418,
   author = {Then, Manuel and Kaufmann, Moritz and Kemper, Alfons and Neumann, Thomas},
   title = {Evaluation of Parallel Graph Loading Techniques},
   booktitle = {Proceedings of the Fourth International Workshop on Graph Data Management Experiences and Systems},
   series = {GRADES '16},
   year = {2016},
   isbn = {978-1-4503-4780-8},
   location = {Redwood Shores, California},
   pages = {4:1--4:6},
   articleno = {4},
   numpages = {6},
   url = {http://doi.acm.org/10.1145/2960414.2960418},
   doi = {10.1145/2960414.2960418},
   acmid = {2960418},
   publisher = {ACM},
   address = {New York, NY, USA}
}

@article{BigDataTop100,
   author = {Chaitanya Baru},
   title = {Benchmarking Big Data Systems and the BigData Top100 List},
   journal = {Big Data},
   issue_date = {February 2013},
   volume = {1},
   month = feb,
   year = {2013},
   issn = {2167-6461},
   pages = {60-64},
   url = {https://doi.org/10.1089/big.2013.1509}
} 

@inproceedings{Cooper:2010:BCS:1807128.1807152,
 author = {Cooper, Brian F. and Silberstein, Adam and Tam, Erwin and Ramakrishnan, Raghu and Sears, Russell},
 title = {Benchmarking Cloud Serving Systems with YCSB},
 booktitle = {Proceedings of the 1st ACM Symposium on Cloud Computing},
 series = {SoCC '10},
 year = {2010},
 isbn = {978-1-4503-0036-0},
 location = {Indianapolis, Indiana, USA},
 pages = {143--154},
 numpages = {12},
 url = {http://doi.acm.org/10.1145/1807128.1807152},
 doi = {10.1145/1807128.1807152},
 acmid = {1807152},
 publisher = {ACM},
 address = {New York, NY, USA},
 keywords = {benchmarking, cloud serving database}
}

@article{Rabl:2012:SBD:2367502.2367512,
 author = {Rabl, Tilmann and G\'{o}mez-Villamor, Sergio and Sadoghi, Mohammad and Munt{\'e}s-Mulero, Victor and Jacobsen, Hans-Arno and Mankovskii, Serge},
 title = {Solving Big Data Challenges for Enterprise Application Performance Management},
 journal = {Proc. VLDB Endow.},
 issue_date = {August 2012},
 volume = {5},
 number = {12},
 month = aug,
 year = {2012},
 issn = {2150-8097},
 pages = {1724--1735},
 numpages = {12},
 url = {http://dx.doi.org/10.14778/2367502.2367512},
 doi = {10.14778/2367502.2367512},
 acmid = {2367512},
 publisher = {VLDB Endowment}
}

@Inbook{Graefe2010,
    author={Graefe, Goetz and Kuno, Harumi},
    title={Fast Loads and Queries},
    bookTitle={Transactions on Large-Scale Data- and Knowledge-Centered Systems II},
    year={2010},
    publisher={Springer Berlin Heidelberg},
    address={Berlin, Heidelberg},
    pages={31--72},
    isbn={978-3-642-16175-9},
    doi={10.1007/978-3-642-16175-9_2},
    url={https://doi.org/10.1007/978-3-642-16175-9_2}
}

@article{Muhlbauer:2013:ILM:2556549.2556555,
 author = {Muehlbauer, Tobias},
 title = {Instant Loading for Main Memory Databases},
 journal = {Proc. VLDB Endow.},
 issue_date = {September 2013},
 volume = {6},
 number = {14},
 month = sep,
 year = {2013},
 issn = {2150-8097},
 pages = {1702--1713},
 numpages = {12},
 publisher = {VLDB Endowment}
} 

@article{Verma:2017:ECP:3055540.3055543,
 author = {Verma, Shiv and Leslie, Luke M. and Shin, Yosub and Gupta, Indranil},
 title = {An Experimental Comparison of Partitioning Strategies in Distributed Graph Processing},
 journal = {Proc. VLDB Endow.},
 issue_date = {January 2017},
 volume = {10},
 number = {5},
 month = jan,
 year = {2017},
 issn = {2150-8097},
 pages = {493--504},
 numpages = {12},
 url = {https://doi.org/10.14778/3055540.3055543},
 doi = {10.14778/3055540.3055543},
 acmid = {3055543},
 publisher = {VLDB Endowment}
} 


@article{DBLP:journals/corr/KyrolaG14,
  author    = {Aapo Kyrola and
               Carlos Guestrin},
  title     = {GraphChi-DB: Simple Design for a Scalable Graph Database System -
               on Just a {PC}},
  journal   = {CoRR},
  volume    = {abs/1403.0701},
  year      = {2014},
  url       = {http://arxiv.org/abs/1403.0701},
  archivePrefix = {arXiv},
  eprint    = {1403.0701},
  timestamp = {Wed, 07 Jun 2017 14:41:12 +0200},
  biburl    = {http://dblp.org/rec/bib/journals/corr/KyrolaG14},
  bibsource = {dblp computer science bibliography, http://dblp.org}
}


@inproceedings{Durand2017BestPF,
  title={Best Practices for Developing Graph Database Applications: A Case Study Using Apache Titan},
  author={Gabriel Campero Durand},
  year={2017}
}

@article {CPE:CPE3398,
author = {Casado, Rubén and Younas, Muhammad},
title = {Emerging trends and technologies in big data processing},
journal = {Concurrency and Computation: Practice and Experience},
volume = {27},
number = {8},
issn = {1532-0634},
url = {http://dx.doi.org/10.1002/cpe.3398},
doi = {10.1002/cpe.3398},
pages = {2078--2091},
keywords = {Big Data, processing paradigms, NoSQL},
year = {2015},
note = {CPE-14-0259}
}

@INPROCEEDINGS{6693403, 
author={S. Jouili, V. Vansteenberghe}, 
booktitle={2013 International Conference on Social Computing}, 
title={An Empirical Comparison of Graph Databases}, 
year={2013}, 
volume={}, 
number={}, 
pages={708-715},  
doi={10.1109/SocialCom.2013.106}, 
ISSN={}, 
month={Sept}
}

@book{6812698, 
	author={Yizhou Sun, Jiawei Han}, 
	title={Mining Heterogeneous Information Networks:Principles and Methodologies}, 
	year={2012},  
	pages={126-}, 
	publisher={Morgan \& Claypool}, 
	isbn={9781608458813}
}

@article{DBLP:journals/corr/abs-1709-03188,
  author    = {Siddhartha Sahu and
               Amine Mhedhbi and
               Semih Salihoglu and
               Jimmy Lin and
               M. Tameroezsu},
  title     = {The Ubiquity of Large Graphs and Surprising Challenges of Graph Processing:
               {A} User Survey},
  journal   = {CoRR},
  volume    = {abs/1709.03188},
  year      = {2017},
  url       = {http://arxiv.org/abs/1709.03188},
  archivePrefix = {arXiv},
  eprint    = {1709.03188},
  timestamp = {Thu, 05 Oct 2017 09:42:47 +0200},
  biburl    = {http://dblp.org/rec/bib/journals/corr/abs-1709-03188},
  bibsource = {dblp computer science bibliography, http://dblp.org}
}

@inproceedings{Ailamaki:1999:DMP:645925.671662,
 author = {Ailamaki, Anastassia and DeWitt, David J. and Hill, Mark D. and Wood, David A.},
 title = {DBMSs on a Modern Processor: Where Does Time Go?},
 booktitle = {Proceedings of the 25th International Conference on Very Large Data Bases},
 series = {VLDB '99},
 year = {1999},
 isbn = {1-55860-615-7},
 pages = {266--277},
 numpages = {12},
 url = {http://dl.acm.org/citation.cfm?id=645925.671662},
 acmid = {671662},
 publisher = {Morgan Kaufmann Publishers Inc.},
 address = {San Francisco, CA, USA}
}

@inproceedings{Then:2016:EPG:2960414.2960418,
 author = {Then, Manuel and Kaufmann, Moritz and Kemper, Alfons and Neumann, Thomas},
 title = {Evaluation of Parallel Graph Loading Techniques},
 booktitle = {Proceedings of the Fourth International Workshop on Graph Data Management Experiences and Systems},
 series = {GRADES '16},
 year = {2016},
 isbn = {978-1-4503-4780-8},
 location = {Redwood Shores, California},
 pages = {4:1--4:6},
 articleno = {4},
 numpages = {6},
 url = {http://doi.acm.org/10.1145/2960414.2960418},
 doi = {10.1145/2960414.2960418},
 acmid = {2960418},
 publisher = {ACM},
 address = {New York, NY, USA}
}
@inproceedings{Fletcher2017DeclarativeGQ,
  title={Declarative Graph Querying in Practice and Theory},
  author={George H. L. Fletcher and Hannes Voigt and Nikolay Yakovets},
  booktitle={EDBT},
  year={2017}
}

@article{Angles:2008:SGD:1322432.1322433,
 author = {Angles, Renzo and Gutierrez, Claudio},
 title = {Survey of Graph Database Models},
 journal = {ACM Comput. Surv.},
 issue_date = {February 2008},
 volume = {40},
 number = {1},
 month = feb,
 year = {2008},
 issn = {0360-0300},
 pages = {1:1--1:39},
 articleno = {1},
 numpages = {39},
 url = {http://doi.acm.org/10.1145/1322432.1322433},
 doi = {10.1145/1322432.1322433},
 acmid = {1322433},
 publisher = {ACM},
 address = {New York, NY, USA},
 keywords = {Database systems, database models, graph database models, graph databases, graph integrity constraints, graph query languages}
} 

@article{Chen:1976:EMU:320434.320440,
 author = {Chen, Peter Pin-Shan},
 title = {The Entity-relationship Model\&Mdash;Toward a Unified View of Data},
 journal = {ACM Trans. Database Syst.},
 issue_date = {March 1976},
 volume = {1},
 number = {1},
 month = mar,
 year = {1976},
 issn = {0362-5915},
 pages = {9--36},
 numpages = {28},
 url = {http://doi.acm.org/10.1145/320434.320440},
 doi = {10.1145/320434.320440},
 acmid = {320440},
 publisher = {ACM},
 address = {New York, NY, USA},
 keywords = {Data Base Task Group, data definition and manipulation, data integrity and consistency, data models, database design, entity set model, entity-relationship model, logigcal view of data, network model, relational model, semantics of data}
}

@Misc{LDBCSocial,
howpublished = {\url{https://github.com/ldbc/ldbc_snb_docs}},
note = {Accessed February 9, 2018},
title = {LDBC Social Network Benchmark (SNB) – 0.3.0}
}

@Misc{Twitter-Higgs,
howpublished = {\url{https://snap.stanford.edu/data/higgs-twitter.html}},
note = {Accessed February 9, 2018},
title = {Higgs Twitter Dataset}
}


@Misc{wiki-RfA,
howpublished = {\url{https://snap.stanford.edu/data/wiki-RfA.html}},
note = {Accessed February 9, 2018},
title = {Wikipedia Requests for Adminship (with text)}
}

@Misc{google-Web,
howpublished = {\url{https://snap.stanford.edu/data/web-Google.html}},
note = {Accessed February 9, 2018},
title = {Google web graph}
}

@Misc{ldbc,
howpublished = {\url{http://www.ldbcouncil.org/}},
note = {Accessed February 9, 2018},
title = {LDBCouncil}
}


@incollection{graphDatabases:2015,
  author      = { Ian Robinson, Jim Webber, Emil Eifrem},
  title       = {Graph Databases, 2nd Edition
New Opportunities for Connected Data},
  publisher   = {O'Reilly Media},
  year        = 2015,
  chapter     = 6
}

@misc{snapnets,
  author       = {Jure Leskovec and Andrej Krevl},
  title        = {{SNAP Datasets}: {Stanford} Large Network Dataset Collection},
  howpublished = {\url{http://snap.stanford.edu/data}},
  month        = jun,
  year         = 2014
}

@inproceedings{boncz2013ldbc,
  title={LDBC: benchmarks for graph and RDF data management},
  author={Boncz, Peter},
  booktitle={Proceedings of the 17th International Database Engineering \& Applications Symposium},
  pages={1--2},
  year={2013},
  organization={ACM}
}

@inproceedings{kunegis2013konect,
  title={Konect: the koblenz network collection},
  author={Kunegis, J{\'e}r{\^o}me},
  booktitle={Proceedings of the 22nd International Conference on World Wide Web},
  pages={1343--1350},
  year={2013},
  organization={ACM}
}

@article{chakrabarti2012graph,
  title={Graph mining: laws, tools, and case studies},
  author={Chakrabarti, Deepayan and Faloutsos, Christos},
  journal={Synthesis Lectures on Data Mining and Knowledge Discovery},
  volume={7},
  number={1},
  pages={1--207},
  year={2012},
  publisher={Morgan \& Claypool Publishers}
}

@article{kane2012s,
  title={What’s different about social media networks? A framework and research agenda},
  author={Kane, Gerald and Alavi, Maryam and Labianca, Giuseppe and Borgatti, Steve},
  year={2012}
}

@inproceedings{pearce2012quantifying,
  title={Quantifying the effectiveness of load balance algorithms},
  author={Pearce, Olga and Gamblin, Todd and De Supinski, Bronis R and Schulz, Martin and Amato, Nancy M},
  booktitle={Proceedings of the 26th ACM international conference on Supercomputing},
  pages={185--194},
  year={2012},
  organization={ACM}
}

@inproceedings{hermes2018,
 	 title={Exploring Large Scholarly Networks with Hermes (Forthcoming)},
 	 author={Gabriel Campero Durand and Anusha Janardhana and Marcus Pinnecke and Yusra Shakeel and Jacob Kr{\"u}ger and Thomas Leich and Gunter Saake},
 	 booktitle={International Conference on Extending Database Technology},  	
 	 organization={ACM},
  	year=2018
}

@article{angles2017introduction,
  title={An introduction to Graph Data Management},
  author={Angles, Renzo and Gutierrez, Claudio},
  journal={arXiv preprint arXiv:1801.00036},
  year={2017}
}

@article{valiant1990bridging,
  title={A bridging model for parallel computation},
  author={Valiant, Leslie G},
  journal={Communications of the ACM},
  volume={33},
  number={8},
  pages={103--111},
  year={1990},
  publisher={ACM}
}

@book{kleppmann2017designing,
  title={Designing Data-Intensive Applications: The Big Ideas Behind Reliable, Scalable, and Maintainable Systems},
  author={Kleppmann, Martin},
  year={2017},
  publisher={" O'Reilly Media, Inc."}
}

@article{paradies2017big,
  title={Big Graph Data Analytics on Single Machines--An Overview},
  author={Paradies, Marcus and Voigt, Hannes},
  journal={Datenbank-Spektrum},
  volume={17},
  number={2},
  pages={101--112},
  year={2017},
  publisher={Springer}
}

@inproceedings{rudolf2013graph,
  title={The Graph Story of the SAP HANA Database.},
  author={Rudolf, Michael and Paradies, Marcus and Bornh{\"o}vd, Christof and Lehner, Wolfgang},
  booktitle={BTW},
  volume={13},
  pages={403--420},
  year={2013}
}

@article{angles2017g,
  title={G-CORE: A Core for Future Graph Query Languages},
  author={Angles, Renzo and Arenas, Marcelo and Fletcher, George HL and Gutierrez, Claudio and Lindaaker, Tobias and Paradies, Marcus and Plantikow, Stefan and Sequeda, Juan and van Rest, Oskar and Voigt, Hannes and others},
  journal={arXiv preprint arXiv:1712.01550},
  year={2017}
}

@inproceedings{hong2012green,
  title={Green-Marl: a DSL for easy and efficient graph analysis},
  author={Hong, Sungpack and Chafi, Hassan and Sedlar, Edic and Olukotun, Kunle},
  booktitle={ACM SIGARCH Computer Architecture News},
  volume={40},
  number={1},
  pages={349--362},
  year={2012},
  organization={ACM}
}

@inproceedings{welc2013graph,
  title={Graph analysis: do we have to reinvent the wheel?},
  author={Welc, Adam and Raman, Raghavan and Wu, Zhe and Hong, Sungpack and Chafi, Hassan and Banerjee, Jay},
  booktitle={First International Workshop on Graph Data Management Experiences and Systems},
  pages={7},
  year={2013},
  organization={ACM}
}

@article{jindal2014vertexica,
  title={Vertexica: your relational friend for graph analytics!},
  author={Jindal, Alekh and Rawlani, Praynaa and Wu, Eugene and Madden, Samuel and Deshpande, Amol and Stonebraker, Mike},
  journal={Proceedings of the VLDB Endowment},
  volume={7},
  number={13},
  pages={1669--1672},
  year={2014},
  publisher={VLDB Endowment}
}

@article{aberger2017emptyheaded,
  title={Emptyheaded: A relational engine for graph processing},
  author={Aberger, Christopher R and Lamb, Andrew and Tu, Susan and N{\"o}tzli, Andres and Olukotun, Kunle and R{\'e}, Christopher},
  journal={ACM Transactions on Database Systems (TODS)},
  volume={42},
  number={4},
  pages={20},
  year={2017},
  publisher={ACM}
}

@inproceedings{perez2015ringo,
  title={Ringo: Interactive graph analytics on big-memory machines},
  author={Perez, Yonathan and Sosi{\v{c}}, Rok and Banerjee, Arijit and Puttagunta, Rohan and Raison, Martin and Shah, Pararth and Leskovec, Jure},
  booktitle={Proceedings of the 2015 ACM SIGMOD International Conference on Management of Data},
  pages={1105--1110},
  year={2015},
  organization={ACM}
}

@article{ma2016g,
  title={G-SQL: fast query processing via graph exploration},
  author={Ma, Hongbin and Shao, Bin and Xiao, Yanghua and Chen, Liang Jeff and Wang, Haixun},
  journal={Proceedings of the VLDB Endowment},
  volume={9},
  number={12},
  pages={900--911},
  year={2016},
  publisher={VLDB Endowment}
}

@article{lin2016fast,
  title={Fast in-memory SQL analytics on typed graphs},
  author={Lin, Chunbin and Mandel, Benjamin and Papakonstantinou, Yannis and Springer, Matthias},
  journal={Proceedings of the VLDB Endowment},
  volume={10},
  number={3},
  pages={265--276},
  year={2016},
  publisher={VLDB Endowment}
}

@inproceedings{stanton2012streaming,
  title={Streaming graph partitioning for large distributed graphs},
  author={Stanton, Isabelle and Kliot, Gabriel},
  booktitle={Proceedings of the 18th ACM SIGKDD international conference on Knowledge discovery and data mining},
  pages={1222--1230},
  year={2012},
  organization={ACM}
}

@article{karypis1995metis,
  title={METIS--unstructured graph partitioning and sparse matrix ordering system, version 2.0},
  author={Karypis, George and Kumar, Vipin},
  year={1995},
  publisher={Citeseer}
}

@incollection{bulucc2016recent,
  title={Recent advances in graph partitioning},
  author={Bulu{\c{c}}, Ayd{\i}n and Meyerhenke, Henning and Safro, Ilya and Sanders, Peter and Schulz, Christian},
  booktitle={Algorithm Engineering},
  pages={117--158},
  year={2016},
  publisher={Springer}
}

